%YAML 1.1
%TAG !u! tag:unity3d.com,2011:
--- !u!1 &6083595986204904327
GameObject:
  m_ObjectHideFlags: 0
  m_CorrespondingSourceObject: {fileID: 0}
  m_PrefabInstance: {fileID: 0}
  m_PrefabAsset: {fileID: 0}
  serializedVersion: 6
  m_Component:
  - component: {fileID: 6083595986204904324}
  m_Layer: 0
  m_Name: Dirt
  m_TagString: Untagged
  m_Icon: {fileID: 0}
  m_NavMeshLayer: 0
  m_StaticEditorFlags: 0
  m_IsActive: 1
--- !u!4 &6083595986204904324
Transform:
  m_ObjectHideFlags: 0
  m_CorrespondingSourceObject: {fileID: 0}
  m_PrefabInstance: {fileID: 0}
  m_PrefabAsset: {fileID: 0}
  m_GameObject: {fileID: 6083595986204904327}
  m_LocalRotation: {x: 0, y: 0, z: 0, w: 1}
  m_LocalPosition: {x: 0, y: 0, z: 0}
  m_LocalScale: {x: 1, y: 1, z: 1}
  m_Children:
  - {fileID: 5946208512259561935}
  - {fileID: 5946208512887415926}
  - {fileID: 5946208513261085925}
  - {fileID: 5946208512457653959}
  - {fileID: 5946208511844677983}
  - {fileID: 5946208513148735733}
  - {fileID: 5946208512771736271}
  - {fileID: 5946208513486175688}
  m_Father: {fileID: 0}
  m_RootOrder: 0
  m_LocalEulerAnglesHint: {x: 0, y: 0, z: 0}
--- !u!1001 &6083595985678756882
PrefabInstance:
  m_ObjectHideFlags: 0
  serializedVersion: 2
  m_Modification:
    m_TransformParent: {fileID: 6083595986204904324}
    m_Modifications:
    - target: {fileID: 497765896458605901, guid: 2a05f2768ef8768499d970757203e6d4,
        type: 3}
      propertyPath: m_LocalPosition.x
      value: 7.01
      objectReference: {fileID: 0}
    - target: {fileID: 497765896458605901, guid: 2a05f2768ef8768499d970757203e6d4,
        type: 3}
      propertyPath: m_LocalPosition.y
      value: 3.84
      objectReference: {fileID: 0}
    - target: {fileID: 497765896458605901, guid: 2a05f2768ef8768499d970757203e6d4,
        type: 3}
      propertyPath: m_LocalPosition.z
      value: 6.95
      objectReference: {fileID: 0}
    - target: {fileID: 497765896458605901, guid: 2a05f2768ef8768499d970757203e6d4,
        type: 3}
      propertyPath: m_LocalRotation.x
      value: -0
      objectReference: {fileID: 0}
    - target: {fileID: 497765896458605901, guid: 2a05f2768ef8768499d970757203e6d4,
        type: 3}
      propertyPath: m_LocalRotation.y
      value: -0
      objectReference: {fileID: 0}
    - target: {fileID: 497765896458605901, guid: 2a05f2768ef8768499d970757203e6d4,
        type: 3}
      propertyPath: m_LocalRotation.z
      value: -1
      objectReference: {fileID: 0}
    - target: {fileID: 497765896458605901, guid: 2a05f2768ef8768499d970757203e6d4,
        type: 3}
      propertyPath: m_LocalRotation.w
      value: 0
      objectReference: {fileID: 0}
    - target: {fileID: 497765896458605901, guid: 2a05f2768ef8768499d970757203e6d4,
        type: 3}
      propertyPath: m_RootOrder
      value: 4
      objectReference: {fileID: 0}
    - target: {fileID: 497765896458605901, guid: 2a05f2768ef8768499d970757203e6d4,
        type: 3}
      propertyPath: m_LocalEulerAnglesHint.x
      value: 0
      objectReference: {fileID: 0}
    - target: {fileID: 497765896458605901, guid: 2a05f2768ef8768499d970757203e6d4,
        type: 3}
      propertyPath: m_LocalEulerAnglesHint.y
      value: 0
      objectReference: {fileID: 0}
    - target: {fileID: 497765896458605901, guid: 2a05f2768ef8768499d970757203e6d4,
        type: 3}
      propertyPath: m_LocalEulerAnglesHint.z
      value: -180
      objectReference: {fileID: 0}
    - target: {fileID: 497765896458605901, guid: 2a05f2768ef8768499d970757203e6d4,
        type: 3}
      propertyPath: m_LocalScale.y
      value: 2.8883436
      objectReference: {fileID: 0}
    - target: {fileID: 4851441996130380112, guid: 2a05f2768ef8768499d970757203e6d4,
        type: 3}
      propertyPath: m_StaticEditorFlags
      value: 40
      objectReference: {fileID: 0}
    - target: {fileID: 5177805348267256538, guid: 2a05f2768ef8768499d970757203e6d4,
        type: 3}
      propertyPath: isEditable
      value: 0
      objectReference: {fileID: 0}
    - target: {fileID: 5177805348267256538, guid: 2a05f2768ef8768499d970757203e6d4,
        type: 3}
      propertyPath: tileType
      value: 1
      objectReference: {fileID: 0}
    - target: {fileID: 5194928996561925098, guid: 2a05f2768ef8768499d970757203e6d4,
        type: 3}
      propertyPath: m_LocalPosition.y
      value: 1.03
      objectReference: {fileID: 0}
    - target: {fileID: 6364488674782791813, guid: 2a05f2768ef8768499d970757203e6d4,
        type: 3}
      propertyPath: m_Materials.Array.data[0]
      value: 
      objectReference: {fileID: 2100000, guid: 2031f91db35ce0741991018a50e6494b, type: 2}
    - target: {fileID: 8855640724526708332, guid: 2a05f2768ef8768499d970757203e6d4,
        type: 3}
      propertyPath: m_Name
      value: DirtAdd (4)
      objectReference: {fileID: 0}
    - target: {fileID: 8855640724526708332, guid: 2a05f2768ef8768499d970757203e6d4,
        type: 3}
      propertyPath: m_StaticEditorFlags
      value: 8
      objectReference: {fileID: 0}
    m_RemovedComponents: []
  m_SourcePrefab: {fileID: 100100000, guid: 2a05f2768ef8768499d970757203e6d4, type: 3}
--- !u!4 &5946208511844677983 stripped
Transform:
  m_CorrespondingSourceObject: {fileID: 497765896458605901, guid: 2a05f2768ef8768499d970757203e6d4,
    type: 3}
  m_PrefabInstance: {fileID: 6083595985678756882}
  m_PrefabAsset: {fileID: 0}
--- !u!1001 &6083595986328521858
PrefabInstance:
  m_ObjectHideFlags: 0
  serializedVersion: 2
  m_Modification:
    m_TransformParent: {fileID: 6083595986204904324}
    m_Modifications:
    - target: {fileID: 497765896458605901, guid: 2a05f2768ef8768499d970757203e6d4,
        type: 3}
      propertyPath: m_LocalPosition.x
      value: 1
      objectReference: {fileID: 0}
    - target: {fileID: 497765896458605901, guid: 2a05f2768ef8768499d970757203e6d4,
        type: 3}
      propertyPath: m_LocalPosition.y
      value: 2.138
      objectReference: {fileID: 0}
    - target: {fileID: 497765896458605901, guid: 2a05f2768ef8768499d970757203e6d4,
        type: 3}
      propertyPath: m_LocalPosition.z
      value: 5
      objectReference: {fileID: 0}
    - target: {fileID: 497765896458605901, guid: 2a05f2768ef8768499d970757203e6d4,
        type: 3}
      propertyPath: m_LocalRotation.x
      value: -0
      objectReference: {fileID: 0}
    - target: {fileID: 497765896458605901, guid: 2a05f2768ef8768499d970757203e6d4,
        type: 3}
      propertyPath: m_LocalRotation.y
      value: -0
      objectReference: {fileID: 0}
    - target: {fileID: 497765896458605901, guid: 2a05f2768ef8768499d970757203e6d4,
        type: 3}
      propertyPath: m_LocalRotation.z
      value: -1
      objectReference: {fileID: 0}
    - target: {fileID: 497765896458605901, guid: 2a05f2768ef8768499d970757203e6d4,
        type: 3}
      propertyPath: m_LocalRotation.w
      value: 0
      objectReference: {fileID: 0}
    - target: {fileID: 497765896458605901, guid: 2a05f2768ef8768499d970757203e6d4,
        type: 3}
      propertyPath: m_RootOrder
      value: 0
      objectReference: {fileID: 0}
    - target: {fileID: 497765896458605901, guid: 2a05f2768ef8768499d970757203e6d4,
        type: 3}
      propertyPath: m_LocalEulerAnglesHint.x
      value: 0
      objectReference: {fileID: 0}
    - target: {fileID: 497765896458605901, guid: 2a05f2768ef8768499d970757203e6d4,
        type: 3}
      propertyPath: m_LocalEulerAnglesHint.y
      value: 0
      objectReference: {fileID: 0}
    - target: {fileID: 497765896458605901, guid: 2a05f2768ef8768499d970757203e6d4,
        type: 3}
      propertyPath: m_LocalEulerAnglesHint.z
      value: -180
      objectReference: {fileID: 0}
    - target: {fileID: 497765896458605901, guid: 2a05f2768ef8768499d970757203e6d4,
        type: 3}
      propertyPath: m_LocalScale.y
      value: 1.5296
      objectReference: {fileID: 0}
    - target: {fileID: 4851441996130380112, guid: 2a05f2768ef8768499d970757203e6d4,
        type: 3}
      propertyPath: m_StaticEditorFlags
      value: 40
      objectReference: {fileID: 0}
    - target: {fileID: 5177805348267256538, guid: 2a05f2768ef8768499d970757203e6d4,
        type: 3}
      propertyPath: isEditable
      value: 0
      objectReference: {fileID: 0}
    - target: {fileID: 5177805348267256538, guid: 2a05f2768ef8768499d970757203e6d4,
        type: 3}
      propertyPath: tileType
      value: 1
      objectReference: {fileID: 0}
    - target: {fileID: 5194928996561925098, guid: 2a05f2768ef8768499d970757203e6d4,
        type: 3}
      propertyPath: m_LocalPosition.y
      value: 1.03
      objectReference: {fileID: 0}
    - target: {fileID: 6364488674782791813, guid: 2a05f2768ef8768499d970757203e6d4,
        type: 3}
      propertyPath: m_Materials.Array.data[0]
      value: 
      objectReference: {fileID: 2100000, guid: 2031f91db35ce0741991018a50e6494b, type: 2}
    - target: {fileID: 8855640724526708332, guid: 2a05f2768ef8768499d970757203e6d4,
        type: 3}
      propertyPath: m_Name
      value: DirtAdd
      objectReference: {fileID: 0}
    - target: {fileID: 8855640724526708332, guid: 2a05f2768ef8768499d970757203e6d4,
        type: 3}
      propertyPath: m_StaticEditorFlags
      value: 8
      objectReference: {fileID: 0}
    m_RemovedComponents: []
  m_SourcePrefab: {fileID: 100100000, guid: 2a05f2768ef8768499d970757203e6d4, type: 3}
--- !u!4 &5946208512259561935 stripped
Transform:
  m_CorrespondingSourceObject: {fileID: 497765896458605901, guid: 2a05f2768ef8768499d970757203e6d4,
    type: 3}
  m_PrefabInstance: {fileID: 6083595986328521858}
  m_PrefabAsset: {fileID: 0}
--- !u!1001 &6083595986675510154
PrefabInstance:
  m_ObjectHideFlags: 0
  serializedVersion: 2
  m_Modification:
    m_TransformParent: {fileID: 6083595986204904324}
    m_Modifications:
    - target: {fileID: 497765896458605901, guid: 2a05f2768ef8768499d970757203e6d4,
        type: 3}
      propertyPath: m_LocalPosition.x
      value: 6.01
      objectReference: {fileID: 0}
    - target: {fileID: 497765896458605901, guid: 2a05f2768ef8768499d970757203e6d4,
        type: 3}
      propertyPath: m_LocalPosition.y
      value: 3.84
      objectReference: {fileID: 0}
    - target: {fileID: 497765896458605901, guid: 2a05f2768ef8768499d970757203e6d4,
        type: 3}
      propertyPath: m_LocalPosition.z
      value: 7.05
      objectReference: {fileID: 0}
    - target: {fileID: 497765896458605901, guid: 2a05f2768ef8768499d970757203e6d4,
        type: 3}
      propertyPath: m_LocalRotation.x
      value: -0
      objectReference: {fileID: 0}
    - target: {fileID: 497765896458605901, guid: 2a05f2768ef8768499d970757203e6d4,
        type: 3}
      propertyPath: m_LocalRotation.y
      value: -0
      objectReference: {fileID: 0}
    - target: {fileID: 497765896458605901, guid: 2a05f2768ef8768499d970757203e6d4,
        type: 3}
      propertyPath: m_LocalRotation.z
      value: -1
      objectReference: {fileID: 0}
    - target: {fileID: 497765896458605901, guid: 2a05f2768ef8768499d970757203e6d4,
        type: 3}
      propertyPath: m_LocalRotation.w
      value: 0
      objectReference: {fileID: 0}
    - target: {fileID: 497765896458605901, guid: 2a05f2768ef8768499d970757203e6d4,
        type: 3}
      propertyPath: m_RootOrder
      value: 3
      objectReference: {fileID: 0}
    - target: {fileID: 497765896458605901, guid: 2a05f2768ef8768499d970757203e6d4,
        type: 3}
      propertyPath: m_LocalEulerAnglesHint.x
      value: 0
      objectReference: {fileID: 0}
    - target: {fileID: 497765896458605901, guid: 2a05f2768ef8768499d970757203e6d4,
        type: 3}
      propertyPath: m_LocalEulerAnglesHint.y
      value: 0
      objectReference: {fileID: 0}
    - target: {fileID: 497765896458605901, guid: 2a05f2768ef8768499d970757203e6d4,
        type: 3}
      propertyPath: m_LocalEulerAnglesHint.z
      value: -180
      objectReference: {fileID: 0}
    - target: {fileID: 497765896458605901, guid: 2a05f2768ef8768499d970757203e6d4,
        type: 3}
      propertyPath: m_LocalScale.y
      value: 2.8883436
      objectReference: {fileID: 0}
    - target: {fileID: 4851441996130380112, guid: 2a05f2768ef8768499d970757203e6d4,
        type: 3}
      propertyPath: m_StaticEditorFlags
      value: 40
      objectReference: {fileID: 0}
    - target: {fileID: 5177805348267256538, guid: 2a05f2768ef8768499d970757203e6d4,
        type: 3}
      propertyPath: isEditable
      value: 0
      objectReference: {fileID: 0}
    - target: {fileID: 5177805348267256538, guid: 2a05f2768ef8768499d970757203e6d4,
        type: 3}
      propertyPath: tileType
      value: 1
      objectReference: {fileID: 0}
    - target: {fileID: 5194928996561925098, guid: 2a05f2768ef8768499d970757203e6d4,
        type: 3}
      propertyPath: m_LocalPosition.y
      value: 1.03
      objectReference: {fileID: 0}
    - target: {fileID: 6364488674782791813, guid: 2a05f2768ef8768499d970757203e6d4,
        type: 3}
      propertyPath: m_Materials.Array.data[0]
      value: 
      objectReference: {fileID: 2100000, guid: 2031f91db35ce0741991018a50e6494b, type: 2}
    - target: {fileID: 8855640724526708332, guid: 2a05f2768ef8768499d970757203e6d4,
        type: 3}
      propertyPath: m_Name
      value: DirtAdd (3)
      objectReference: {fileID: 0}
    - target: {fileID: 8855640724526708332, guid: 2a05f2768ef8768499d970757203e6d4,
        type: 3}
      propertyPath: m_StaticEditorFlags
      value: 8
      objectReference: {fileID: 0}
    m_RemovedComponents: []
  m_SourcePrefab: {fileID: 100100000, guid: 2a05f2768ef8768499d970757203e6d4, type: 3}
--- !u!4 &5946208512457653959 stripped
Transform:
  m_CorrespondingSourceObject: {fileID: 497765896458605901, guid: 2a05f2768ef8768499d970757203e6d4,
    type: 3}
  m_PrefabInstance: {fileID: 6083595986675510154}
  m_PrefabAsset: {fileID: 0}
--- !u!1001 &6083595986774978875
PrefabInstance:
  m_ObjectHideFlags: 0
  serializedVersion: 2
  m_Modification:
    m_TransformParent: {fileID: 6083595986204904324}
    m_Modifications:
    - target: {fileID: 497765896458605901, guid: 2a05f2768ef8768499d970757203e6d4,
        type: 3}
      propertyPath: m_LocalPosition.x
      value: 7
      objectReference: {fileID: 0}
    - target: {fileID: 497765896458605901, guid: 2a05f2768ef8768499d970757203e6d4,
        type: 3}
      propertyPath: m_LocalPosition.y
      value: 2.138
      objectReference: {fileID: 0}
    - target: {fileID: 497765896458605901, guid: 2a05f2768ef8768499d970757203e6d4,
        type: 3}
      propertyPath: m_LocalPosition.z
      value: 6.01
      objectReference: {fileID: 0}
    - target: {fileID: 497765896458605901, guid: 2a05f2768ef8768499d970757203e6d4,
        type: 3}
      propertyPath: m_LocalRotation.x
      value: -0
      objectReference: {fileID: 0}
    - target: {fileID: 497765896458605901, guid: 2a05f2768ef8768499d970757203e6d4,
        type: 3}
      propertyPath: m_LocalRotation.y
      value: -0
      objectReference: {fileID: 0}
    - target: {fileID: 497765896458605901, guid: 2a05f2768ef8768499d970757203e6d4,
        type: 3}
      propertyPath: m_LocalRotation.z
      value: -1
      objectReference: {fileID: 0}
    - target: {fileID: 497765896458605901, guid: 2a05f2768ef8768499d970757203e6d4,
        type: 3}
      propertyPath: m_LocalRotation.w
      value: 0
      objectReference: {fileID: 0}
    - target: {fileID: 497765896458605901, guid: 2a05f2768ef8768499d970757203e6d4,
        type: 3}
      propertyPath: m_RootOrder
      value: 1
      objectReference: {fileID: 0}
    - target: {fileID: 497765896458605901, guid: 2a05f2768ef8768499d970757203e6d4,
        type: 3}
      propertyPath: m_LocalEulerAnglesHint.x
      value: 0
      objectReference: {fileID: 0}
    - target: {fileID: 497765896458605901, guid: 2a05f2768ef8768499d970757203e6d4,
        type: 3}
      propertyPath: m_LocalEulerAnglesHint.y
      value: 0
      objectReference: {fileID: 0}
    - target: {fileID: 497765896458605901, guid: 2a05f2768ef8768499d970757203e6d4,
        type: 3}
      propertyPath: m_LocalEulerAnglesHint.z
      value: -180
      objectReference: {fileID: 0}
    - target: {fileID: 497765896458605901, guid: 2a05f2768ef8768499d970757203e6d4,
        type: 3}
      propertyPath: m_LocalScale.y
      value: 1.5296
      objectReference: {fileID: 0}
    - target: {fileID: 4851441996130380112, guid: 2a05f2768ef8768499d970757203e6d4,
        type: 3}
      propertyPath: m_StaticEditorFlags
      value: 40
      objectReference: {fileID: 0}
    - target: {fileID: 5177805348267256538, guid: 2a05f2768ef8768499d970757203e6d4,
        type: 3}
      propertyPath: isEditable
      value: 0
      objectReference: {fileID: 0}
    - target: {fileID: 5177805348267256538, guid: 2a05f2768ef8768499d970757203e6d4,
        type: 3}
      propertyPath: tileType
      value: 1
      objectReference: {fileID: 0}
    - target: {fileID: 5194928996561925098, guid: 2a05f2768ef8768499d970757203e6d4,
        type: 3}
      propertyPath: m_LocalPosition.y
      value: 1.03
      objectReference: {fileID: 0}
    - target: {fileID: 6364488674782791813, guid: 2a05f2768ef8768499d970757203e6d4,
        type: 3}
      propertyPath: m_Materials.Array.data[0]
      value: 
      objectReference: {fileID: 2100000, guid: 2031f91db35ce0741991018a50e6494b, type: 2}
    - target: {fileID: 8855640724526708332, guid: 2a05f2768ef8768499d970757203e6d4,
        type: 3}
      propertyPath: m_Name
      value: DirtAdd (1)
      objectReference: {fileID: 0}
    - target: {fileID: 8855640724526708332, guid: 2a05f2768ef8768499d970757203e6d4,
        type: 3}
      propertyPath: m_StaticEditorFlags
      value: 8
      objectReference: {fileID: 0}
    m_RemovedComponents: []
  m_SourcePrefab: {fileID: 100100000, guid: 2a05f2768ef8768499d970757203e6d4, type: 3}
--- !u!4 &5946208512887415926 stripped
Transform:
  m_CorrespondingSourceObject: {fileID: 497765896458605901, guid: 2a05f2768ef8768499d970757203e6d4,
    type: 3}
  m_PrefabInstance: {fileID: 6083595986774978875}
  m_PrefabAsset: {fileID: 0}
--- !u!1001 &6083595986889987970
PrefabInstance:
  m_ObjectHideFlags: 0
  serializedVersion: 2
  m_Modification:
    m_TransformParent: {fileID: 6083595986204904324}
    m_Modifications:
    - target: {fileID: 497765896458605901, guid: 2a05f2768ef8768499d970757203e6d4,
        type: 3}
      propertyPath: m_LocalPosition.x
      value: 6.02
      objectReference: {fileID: 0}
    - target: {fileID: 497765896458605901, guid: 2a05f2768ef8768499d970757203e6d4,
        type: 3}
      propertyPath: m_LocalPosition.y
      value: 3.15
      objectReference: {fileID: 0}
    - target: {fileID: 497765896458605901, guid: 2a05f2768ef8768499d970757203e6d4,
        type: 3}
      propertyPath: m_LocalPosition.z
      value: 7.9
      objectReference: {fileID: 0}
    - target: {fileID: 497765896458605901, guid: 2a05f2768ef8768499d970757203e6d4,
        type: 3}
      propertyPath: m_LocalRotation.x
      value: -0
      objectReference: {fileID: 0}
    - target: {fileID: 497765896458605901, guid: 2a05f2768ef8768499d970757203e6d4,
        type: 3}
      propertyPath: m_LocalRotation.y
      value: -0
      objectReference: {fileID: 0}
    - target: {fileID: 497765896458605901, guid: 2a05f2768ef8768499d970757203e6d4,
        type: 3}
      propertyPath: m_LocalRotation.z
      value: -1
      objectReference: {fileID: 0}
    - target: {fileID: 497765896458605901, guid: 2a05f2768ef8768499d970757203e6d4,
        type: 3}
      propertyPath: m_LocalRotation.w
      value: 0
      objectReference: {fileID: 0}
    - target: {fileID: 497765896458605901, guid: 2a05f2768ef8768499d970757203e6d4,
        type: 3}
      propertyPath: m_RootOrder
      value: 6
      objectReference: {fileID: 0}
    - target: {fileID: 497765896458605901, guid: 2a05f2768ef8768499d970757203e6d4,
        type: 3}
      propertyPath: m_LocalEulerAnglesHint.x
      value: 0
      objectReference: {fileID: 0}
    - target: {fileID: 497765896458605901, guid: 2a05f2768ef8768499d970757203e6d4,
        type: 3}
      propertyPath: m_LocalEulerAnglesHint.y
      value: 0
      objectReference: {fileID: 0}
    - target: {fileID: 497765896458605901, guid: 2a05f2768ef8768499d970757203e6d4,
        type: 3}
      propertyPath: m_LocalEulerAnglesHint.z
      value: -180
      objectReference: {fileID: 0}
    - target: {fileID: 497765896458605901, guid: 2a05f2768ef8768499d970757203e6d4,
        type: 3}
      propertyPath: m_LocalScale.y
      value: 2.8883436
      objectReference: {fileID: 0}
    - target: {fileID: 4851441996130380112, guid: 2a05f2768ef8768499d970757203e6d4,
        type: 3}
      propertyPath: m_StaticEditorFlags
      value: 40
      objectReference: {fileID: 0}
    - target: {fileID: 5177805348267256538, guid: 2a05f2768ef8768499d970757203e6d4,
        type: 3}
      propertyPath: isEditable
      value: 0
      objectReference: {fileID: 0}
    - target: {fileID: 5177805348267256538, guid: 2a05f2768ef8768499d970757203e6d4,
        type: 3}
      propertyPath: tileType
      value: 1
      objectReference: {fileID: 0}
    - target: {fileID: 5194928996561925098, guid: 2a05f2768ef8768499d970757203e6d4,
        type: 3}
      propertyPath: m_LocalPosition.y
      value: 1.03
      objectReference: {fileID: 0}
    - target: {fileID: 5194928996561925098, guid: 2a05f2768ef8768499d970757203e6d4,
        type: 3}
      propertyPath: m_LocalPosition.z
      value: 0.08
      objectReference: {fileID: 0}
    - target: {fileID: 5194928996561925098, guid: 2a05f2768ef8768499d970757203e6d4,
        type: 3}
      propertyPath: m_LocalPosition.x
      value: 0.02
      objectReference: {fileID: 0}
    - target: {fileID: 6364488674782791813, guid: 2a05f2768ef8768499d970757203e6d4,
        type: 3}
      propertyPath: m_Materials.Array.data[0]
      value: 
      objectReference: {fileID: 2100000, guid: 2031f91db35ce0741991018a50e6494b, type: 2}
    - target: {fileID: 8855640724526708332, guid: 2a05f2768ef8768499d970757203e6d4,
        type: 3}
      propertyPath: m_Name
      value: DirtAdd (6)
      objectReference: {fileID: 0}
    - target: {fileID: 8855640724526708332, guid: 2a05f2768ef8768499d970757203e6d4,
        type: 3}
      propertyPath: m_StaticEditorFlags
      value: 8
      objectReference: {fileID: 0}
    m_RemovedComponents: []
  m_SourcePrefab: {fileID: 100100000, guid: 2a05f2768ef8768499d970757203e6d4, type: 3}
--- !u!4 &5946208512771736271 stripped
Transform:
  m_CorrespondingSourceObject: {fileID: 497765896458605901, guid: 2a05f2768ef8768499d970757203e6d4,
    type: 3}
  m_PrefabInstance: {fileID: 6083595986889987970}
  m_PrefabAsset: {fileID: 0}
--- !u!1001 &6083595987049924024
PrefabInstance:
  m_ObjectHideFlags: 0
  serializedVersion: 2
  m_Modification:
    m_TransformParent: {fileID: 6083595986204904324}
    m_Modifications:
    - target: {fileID: 497765896458605901, guid: 2a05f2768ef8768499d970757203e6d4,
        type: 3}
      propertyPath: m_LocalPosition.x
      value: 8.015
      objectReference: {fileID: 0}
    - target: {fileID: 497765896458605901, guid: 2a05f2768ef8768499d970757203e6d4,
        type: 3}
      propertyPath: m_LocalPosition.y
      value: 3.84
      objectReference: {fileID: 0}
    - target: {fileID: 497765896458605901, guid: 2a05f2768ef8768499d970757203e6d4,
        type: 3}
      propertyPath: m_LocalPosition.z
      value: 6.96
      objectReference: {fileID: 0}
    - target: {fileID: 497765896458605901, guid: 2a05f2768ef8768499d970757203e6d4,
        type: 3}
      propertyPath: m_LocalRotation.x
      value: -0
      objectReference: {fileID: 0}
    - target: {fileID: 497765896458605901, guid: 2a05f2768ef8768499d970757203e6d4,
        type: 3}
      propertyPath: m_LocalRotation.y
      value: -0
      objectReference: {fileID: 0}
    - target: {fileID: 497765896458605901, guid: 2a05f2768ef8768499d970757203e6d4,
        type: 3}
      propertyPath: m_LocalRotation.z
      value: -1
      objectReference: {fileID: 0}
    - target: {fileID: 497765896458605901, guid: 2a05f2768ef8768499d970757203e6d4,
        type: 3}
      propertyPath: m_LocalRotation.w
      value: 0
      objectReference: {fileID: 0}
    - target: {fileID: 497765896458605901, guid: 2a05f2768ef8768499d970757203e6d4,
        type: 3}
      propertyPath: m_RootOrder
      value: 5
      objectReference: {fileID: 0}
    - target: {fileID: 497765896458605901, guid: 2a05f2768ef8768499d970757203e6d4,
        type: 3}
      propertyPath: m_LocalEulerAnglesHint.x
      value: 0
      objectReference: {fileID: 0}
    - target: {fileID: 497765896458605901, guid: 2a05f2768ef8768499d970757203e6d4,
        type: 3}
      propertyPath: m_LocalEulerAnglesHint.y
      value: 0
      objectReference: {fileID: 0}
    - target: {fileID: 497765896458605901, guid: 2a05f2768ef8768499d970757203e6d4,
        type: 3}
      propertyPath: m_LocalEulerAnglesHint.z
      value: -180
      objectReference: {fileID: 0}
    - target: {fileID: 497765896458605901, guid: 2a05f2768ef8768499d970757203e6d4,
        type: 3}
      propertyPath: m_LocalScale.y
      value: 2.8883436
      objectReference: {fileID: 0}
    - target: {fileID: 4851441996130380112, guid: 2a05f2768ef8768499d970757203e6d4,
        type: 3}
      propertyPath: m_StaticEditorFlags
      value: 40
      objectReference: {fileID: 0}
    - target: {fileID: 5177805348267256538, guid: 2a05f2768ef8768499d970757203e6d4,
        type: 3}
      propertyPath: isEditable
      value: 0
      objectReference: {fileID: 0}
    - target: {fileID: 5177805348267256538, guid: 2a05f2768ef8768499d970757203e6d4,
        type: 3}
      propertyPath: tileType
      value: 1
      objectReference: {fileID: 0}
    - target: {fileID: 5194928996561925098, guid: 2a05f2768ef8768499d970757203e6d4,
        type: 3}
      propertyPath: m_LocalPosition.y
      value: 1.03
      objectReference: {fileID: 0}
    - target: {fileID: 6364488674782791813, guid: 2a05f2768ef8768499d970757203e6d4,
        type: 3}
      propertyPath: m_Materials.Array.data[0]
      value: 
      objectReference: {fileID: 2100000, guid: 2031f91db35ce0741991018a50e6494b, type: 2}
    - target: {fileID: 8855640724526708332, guid: 2a05f2768ef8768499d970757203e6d4,
        type: 3}
      propertyPath: m_Name
      value: DirtAdd (5)
      objectReference: {fileID: 0}
    - target: {fileID: 8855640724526708332, guid: 2a05f2768ef8768499d970757203e6d4,
        type: 3}
      propertyPath: m_StaticEditorFlags
      value: 8
      objectReference: {fileID: 0}
    m_RemovedComponents: []
  m_SourcePrefab: {fileID: 100100000, guid: 2a05f2768ef8768499d970757203e6d4, type: 3}
--- !u!4 &5946208513148735733 stripped
Transform:
  m_CorrespondingSourceObject: {fileID: 497765896458605901, guid: 2a05f2768ef8768499d970757203e6d4,
    type: 3}
  m_PrefabInstance: {fileID: 6083595987049924024}
  m_PrefabAsset: {fileID: 0}
--- !u!1001 &6083595987249997957
PrefabInstance:
  m_ObjectHideFlags: 0
  serializedVersion: 2
  m_Modification:
    m_TransformParent: {fileID: 6083595986204904324}
    m_Modifications:
    - target: {fileID: 497765896458605901, guid: 2a05f2768ef8768499d970757203e6d4,
        type: 3}
      propertyPath: m_LocalPosition.x
      value: 8
      objectReference: {fileID: 0}
    - target: {fileID: 497765896458605901, guid: 2a05f2768ef8768499d970757203e6d4,
        type: 3}
      propertyPath: m_LocalPosition.y
      value: 2.138
      objectReference: {fileID: 0}
    - target: {fileID: 497765896458605901, guid: 2a05f2768ef8768499d970757203e6d4,
        type: 3}
      propertyPath: m_LocalPosition.z
      value: 6.01
      objectReference: {fileID: 0}
    - target: {fileID: 497765896458605901, guid: 2a05f2768ef8768499d970757203e6d4,
        type: 3}
      propertyPath: m_LocalRotation.x
      value: -0
      objectReference: {fileID: 0}
    - target: {fileID: 497765896458605901, guid: 2a05f2768ef8768499d970757203e6d4,
        type: 3}
      propertyPath: m_LocalRotation.y
      value: -0
      objectReference: {fileID: 0}
    - target: {fileID: 497765896458605901, guid: 2a05f2768ef8768499d970757203e6d4,
        type: 3}
      propertyPath: m_LocalRotation.z
      value: -1
      objectReference: {fileID: 0}
    - target: {fileID: 497765896458605901, guid: 2a05f2768ef8768499d970757203e6d4,
        type: 3}
      propertyPath: m_LocalRotation.w
      value: 0
      objectReference: {fileID: 0}
    - target: {fileID: 497765896458605901, guid: 2a05f2768ef8768499d970757203e6d4,
        type: 3}
      propertyPath: m_RootOrder
      value: 7
      objectReference: {fileID: 0}
    - target: {fileID: 497765896458605901, guid: 2a05f2768ef8768499d970757203e6d4,
        type: 3}
      propertyPath: m_LocalEulerAnglesHint.x
      value: 0
      objectReference: {fileID: 0}
    - target: {fileID: 497765896458605901, guid: 2a05f2768ef8768499d970757203e6d4,
        type: 3}
      propertyPath: m_LocalEulerAnglesHint.y
      value: 0
      objectReference: {fileID: 0}
    - target: {fileID: 497765896458605901, guid: 2a05f2768ef8768499d970757203e6d4,
        type: 3}
      propertyPath: m_LocalEulerAnglesHint.z
      value: -180
      objectReference: {fileID: 0}
    - target: {fileID: 497765896458605901, guid: 2a05f2768ef8768499d970757203e6d4,
        type: 3}
      propertyPath: m_LocalScale.y
      value: 1.5296
      objectReference: {fileID: 0}
    - target: {fileID: 4851441996130380112, guid: 2a05f2768ef8768499d970757203e6d4,
        type: 3}
      propertyPath: m_StaticEditorFlags
      value: 40
      objectReference: {fileID: 0}
    - target: {fileID: 5177805348267256538, guid: 2a05f2768ef8768499d970757203e6d4,
        type: 3}
      propertyPath: isEditable
      value: 0
      objectReference: {fileID: 0}
    - target: {fileID: 5177805348267256538, guid: 2a05f2768ef8768499d970757203e6d4,
        type: 3}
      propertyPath: tileType
      value: 1
      objectReference: {fileID: 0}
    - target: {fileID: 5194928996561925098, guid: 2a05f2768ef8768499d970757203e6d4,
        type: 3}
      propertyPath: m_LocalPosition.y
      value: 1.03
      objectReference: {fileID: 0}
    - target: {fileID: 6364488674782791813, guid: 2a05f2768ef8768499d970757203e6d4,
        type: 3}
      propertyPath: m_Materials.Array.data[0]
      value: 
      objectReference: {fileID: 2100000, guid: 2031f91db35ce0741991018a50e6494b, type: 2}
    - target: {fileID: 8855640724526708332, guid: 2a05f2768ef8768499d970757203e6d4,
        type: 3}
      propertyPath: m_Name
      value: DirtAdd (7)
      objectReference: {fileID: 0}
    - target: {fileID: 8855640724526708332, guid: 2a05f2768ef8768499d970757203e6d4,
        type: 3}
      propertyPath: m_StaticEditorFlags
      value: 8
      objectReference: {fileID: 0}
    m_RemovedComponents: []
  m_SourcePrefab: {fileID: 100100000, guid: 2a05f2768ef8768499d970757203e6d4, type: 3}
--- !u!4 &5946208513486175688 stripped
Transform:
  m_CorrespondingSourceObject: {fileID: 497765896458605901, guid: 2a05f2768ef8768499d970757203e6d4,
    type: 3}
  m_PrefabInstance: {fileID: 6083595987249997957}
  m_PrefabAsset: {fileID: 0}
--- !u!1001 &6083595987483144616
PrefabInstance:
  m_ObjectHideFlags: 0
  serializedVersion: 2
  m_Modification:
    m_TransformParent: {fileID: 6083595986204904324}
    m_Modifications:
    - target: {fileID: 497765896458605901, guid: 2a05f2768ef8768499d970757203e6d4,
        type: 3}
      propertyPath: m_LocalPosition.x
      value: 6.01
      objectReference: {fileID: 0}
    - target: {fileID: 497765896458605901, guid: 2a05f2768ef8768499d970757203e6d4,
        type: 3}
      propertyPath: m_LocalPosition.y
      value: 3.84
      objectReference: {fileID: 0}
    - target: {fileID: 497765896458605901, guid: 2a05f2768ef8768499d970757203e6d4,
        type: 3}
      propertyPath: m_LocalPosition.z
      value: 7.05
      objectReference: {fileID: 0}
    - target: {fileID: 497765896458605901, guid: 2a05f2768ef8768499d970757203e6d4,
        type: 3}
      propertyPath: m_LocalRotation.x
      value: -0
      objectReference: {fileID: 0}
    - target: {fileID: 497765896458605901, guid: 2a05f2768ef8768499d970757203e6d4,
        type: 3}
      propertyPath: m_LocalRotation.y
      value: -0
      objectReference: {fileID: 0}
    - target: {fileID: 497765896458605901, guid: 2a05f2768ef8768499d970757203e6d4,
        type: 3}
      propertyPath: m_LocalRotation.z
      value: -1
      objectReference: {fileID: 0}
    - target: {fileID: 497765896458605901, guid: 2a05f2768ef8768499d970757203e6d4,
        type: 3}
      propertyPath: m_LocalRotation.w
      value: 0
      objectReference: {fileID: 0}
    - target: {fileID: 497765896458605901, guid: 2a05f2768ef8768499d970757203e6d4,
        type: 3}
      propertyPath: m_RootOrder
      value: 2
      objectReference: {fileID: 0}
    - target: {fileID: 497765896458605901, guid: 2a05f2768ef8768499d970757203e6d4,
        type: 3}
      propertyPath: m_LocalEulerAnglesHint.x
      value: 0
      objectReference: {fileID: 0}
    - target: {fileID: 497765896458605901, guid: 2a05f2768ef8768499d970757203e6d4,
        type: 3}
      propertyPath: m_LocalEulerAnglesHint.y
      value: 0
      objectReference: {fileID: 0}
    - target: {fileID: 497765896458605901, guid: 2a05f2768ef8768499d970757203e6d4,
        type: 3}
      propertyPath: m_LocalEulerAnglesHint.z
      value: -180
      objectReference: {fileID: 0}
    - target: {fileID: 497765896458605901, guid: 2a05f2768ef8768499d970757203e6d4,
        type: 3}
      propertyPath: m_LocalScale.y
      value: 2.8883436
      objectReference: {fileID: 0}
    - target: {fileID: 4851441996130380112, guid: 2a05f2768ef8768499d970757203e6d4,
        type: 3}
      propertyPath: m_StaticEditorFlags
      value: 40
      objectReference: {fileID: 0}
    - target: {fileID: 5177805348267256538, guid: 2a05f2768ef8768499d970757203e6d4,
        type: 3}
      propertyPath: isEditable
      value: 0
      objectReference: {fileID: 0}
    - target: {fileID: 5177805348267256538, guid: 2a05f2768ef8768499d970757203e6d4,
        type: 3}
      propertyPath: tileType
      value: 1
      objectReference: {fileID: 0}
    - target: {fileID: 5194928996561925098, guid: 2a05f2768ef8768499d970757203e6d4,
        type: 3}
      propertyPath: m_LocalPosition.y
      value: 1.03
      objectReference: {fileID: 0}
    - target: {fileID: 6364488674782791813, guid: 2a05f2768ef8768499d970757203e6d4,
        type: 3}
      propertyPath: m_Materials.Array.data[0]
      value: 
      objectReference: {fileID: 2100000, guid: 2031f91db35ce0741991018a50e6494b, type: 2}
    - target: {fileID: 8855640724526708332, guid: 2a05f2768ef8768499d970757203e6d4,
        type: 3}
      propertyPath: m_Name
      value: DirtAdd (2)
      objectReference: {fileID: 0}
    - target: {fileID: 8855640724526708332, guid: 2a05f2768ef8768499d970757203e6d4,
        type: 3}
      propertyPath: m_StaticEditorFlags
      value: 8
      objectReference: {fileID: 0}
    m_RemovedComponents: []
  m_SourcePrefab: {fileID: 100100000, guid: 2a05f2768ef8768499d970757203e6d4, type: 3}
--- !u!4 &5946208513261085925 stripped
Transform:
  m_CorrespondingSourceObject: {fileID: 497765896458605901, guid: 2a05f2768ef8768499d970757203e6d4,
    type: 3}
  m_PrefabInstance: {fileID: 6083595987483144616}
  m_PrefabAsset: {fileID: 0}
