%YAML 1.1
%TAG !u! tag:unity3d.com,2011:
--- !u!1 &4788508483394419488
GameObject:
  m_ObjectHideFlags: 0
  m_CorrespondingSourceObject: {fileID: 0}
  m_PrefabInstance: {fileID: 0}
  m_PrefabAsset: {fileID: 0}
  serializedVersion: 6
  m_Component:
  - component: {fileID: 1615670619988730885}
  - component: {fileID: 7506952715434038854}
  m_Layer: 0
  m_Name: AnimatorParent
  m_TagString: Untagged
  m_Icon: {fileID: 0}
  m_NavMeshLayer: 0
  m_StaticEditorFlags: 0
  m_IsActive: 1
--- !u!4 &1615670619988730885
Transform:
  m_ObjectHideFlags: 0
  m_CorrespondingSourceObject: {fileID: 0}
  m_PrefabInstance: {fileID: 0}
  m_PrefabAsset: {fileID: 0}
  m_GameObject: {fileID: 4788508483394419488}
  m_LocalRotation: {x: 0, y: 0, z: 0, w: 1}
  m_LocalPosition: {x: 0, y: 0, z: 0}
  m_LocalScale: {x: 1, y: 1, z: 1}
  m_Children:
  - {fileID: 1842725540371276116}
  m_Father: {fileID: 8627471527414362192}
  m_RootOrder: 0
  m_LocalEulerAnglesHint: {x: 0, y: 0, z: 0}
--- !u!95 &7506952715434038854
Animator:
  serializedVersion: 3
  m_ObjectHideFlags: 0
  m_CorrespondingSourceObject: {fileID: 0}
  m_PrefabInstance: {fileID: 0}
  m_PrefabAsset: {fileID: 0}
  m_GameObject: {fileID: 4788508483394419488}
  m_Enabled: 1
  m_Avatar: {fileID: 0}
  m_Controller: {fileID: 9100000, guid: 915316263d60d1f4c854aff4776c5cfb, type: 2}
  m_CullingMode: 0
  m_UpdateMode: 0
  m_ApplyRootMotion: 0
  m_LinearVelocityBlending: 0
  m_WarningMessage: 
  m_HasTransformHierarchy: 1
  m_AllowConstantClipSamplingOptimization: 1
  m_KeepAnimatorControllerStateOnDisable: 0
--- !u!1 &4999831125280569173
GameObject:
  m_ObjectHideFlags: 0
  m_CorrespondingSourceObject: {fileID: 0}
  m_PrefabInstance: {fileID: 0}
  m_PrefabAsset: {fileID: 0}
  serializedVersion: 6
  m_Component:
  - component: {fileID: 8627471527414362192}
  m_Layer: 0
  m_Name: ScaleParent
  m_TagString: Untagged
  m_Icon: {fileID: 0}
  m_NavMeshLayer: 0
  m_StaticEditorFlags: 0
  m_IsActive: 1
--- !u!4 &8627471527414362192
Transform:
  m_ObjectHideFlags: 0
  m_CorrespondingSourceObject: {fileID: 0}
  m_PrefabInstance: {fileID: 0}
  m_PrefabAsset: {fileID: 0}
  m_GameObject: {fileID: 4999831125280569173}
  m_LocalRotation: {x: 0, y: 0, z: 0, w: 1}
  m_LocalPosition: {x: 0.046, y: 0, z: -0.041}
  m_LocalScale: {x: 10, y: 10, z: 10}
  m_Children:
  - {fileID: 1615670619988730885}
  m_Father: {fileID: 8068013460643760615}
  m_RootOrder: 0
  m_LocalEulerAnglesHint: {x: 0, y: 0, z: 0}
--- !u!1001 &2168505626800670399
PrefabInstance:
  m_ObjectHideFlags: 0
  serializedVersion: 2
  m_Modification:
    m_TransformParent: {fileID: 1615670619988730885}
    m_Modifications:
    - target: {fileID: -8679921383154817045, guid: 0f50e3ddac186d64abce21adab902785,
        type: 3}
      propertyPath: m_LocalPosition.x
      value: 0.0354
      objectReference: {fileID: 0}
    - target: {fileID: -8679921383154817045, guid: 0f50e3ddac186d64abce21adab902785,
        type: 3}
      propertyPath: m_LocalPosition.y
      value: -0.00040000002
      objectReference: {fileID: 0}
    - target: {fileID: -8679921383154817045, guid: 0f50e3ddac186d64abce21adab902785,
        type: 3}
      propertyPath: m_LocalPosition.z
      value: 0.0441
      objectReference: {fileID: 0}
    - target: {fileID: -8679921383154817045, guid: 0f50e3ddac186d64abce21adab902785,
        type: 3}
      propertyPath: m_LocalRotation.x
      value: -0.2418448
      objectReference: {fileID: 0}
    - target: {fileID: -8679921383154817045, guid: 0f50e3ddac186d64abce21adab902785,
        type: 3}
      propertyPath: m_LocalRotation.y
      value: -0.66446304
      objectReference: {fileID: 0}
    - target: {fileID: -8679921383154817045, guid: 0f50e3ddac186d64abce21adab902785,
        type: 3}
      propertyPath: m_LocalRotation.z
      value: -0.66446304
      objectReference: {fileID: 0}
    - target: {fileID: -8679921383154817045, guid: 0f50e3ddac186d64abce21adab902785,
        type: 3}
      propertyPath: m_LocalRotation.w
      value: 0.2418448
      objectReference: {fileID: 0}
    - target: {fileID: -8679921383154817045, guid: 0f50e3ddac186d64abce21adab902785,
        type: 3}
      propertyPath: m_RootOrder
      value: 0
      objectReference: {fileID: 0}
    - target: {fileID: -8679921383154817045, guid: 0f50e3ddac186d64abce21adab902785,
        type: 3}
      propertyPath: m_LocalEulerAnglesHint.x
      value: -90
      objectReference: {fileID: 0}
    - target: {fileID: -8679921383154817045, guid: 0f50e3ddac186d64abce21adab902785,
        type: 3}
      propertyPath: m_LocalEulerAnglesHint.y
      value: -140
      objectReference: {fileID: 0}
    - target: {fileID: -8679921383154817045, guid: 0f50e3ddac186d64abce21adab902785,
        type: 3}
      propertyPath: m_LocalEulerAnglesHint.z
      value: 0
      objectReference: {fileID: 0}
    - target: {fileID: -8679921383154817045, guid: 0f50e3ddac186d64abce21adab902785,
        type: 3}
      propertyPath: m_LocalScale.x
      value: 1
      objectReference: {fileID: 0}
    - target: {fileID: -8679921383154817045, guid: 0f50e3ddac186d64abce21adab902785,
        type: 3}
      propertyPath: m_LocalScale.y
      value: 1
      objectReference: {fileID: 0}
    - target: {fileID: -8679921383154817045, guid: 0f50e3ddac186d64abce21adab902785,
        type: 3}
      propertyPath: m_LocalScale.z
      value: 1
      objectReference: {fileID: 0}
    - target: {fileID: 919132149155446097, guid: 0f50e3ddac186d64abce21adab902785,
        type: 3}
      propertyPath: m_Name
      value: Add-on_magic
      objectReference: {fileID: 0}
    m_RemovedComponents: []
  m_SourcePrefab: {fileID: 100100000, guid: 0f50e3ddac186d64abce21adab902785, type: 3}
--- !u!4 &1842725540371276116 stripped
Transform:
  m_CorrespondingSourceObject: {fileID: -8679921383154817045, guid: 0f50e3ddac186d64abce21adab902785,
    type: 3}
  m_PrefabInstance: {fileID: 2168505626800670399}
  m_PrefabAsset: {fileID: 0}
--- !u!1001 &8283417482614351963
PrefabInstance:
  m_ObjectHideFlags: 0
  serializedVersion: 2
  m_Modification:
    m_TransformParent: {fileID: 0}
    m_Modifications:
    - target: {fileID: 684331137352448187, guid: ea9e2c97fa5dac6459adbc30e59c8f58,
        type: 3}
      propertyPath: m_Materials.Array.data[0]
      value: 
      objectReference: {fileID: 2100000, guid: 3c092fa03f193cc43923add448990cf7, type: 2}
    - target: {fileID: 2090738055521558972, guid: ea9e2c97fa5dac6459adbc30e59c8f58,
        type: 3}
      propertyPath: m_LocalPosition.x
      value: 0
      objectReference: {fileID: 0}
    - target: {fileID: 2090738055521558972, guid: ea9e2c97fa5dac6459adbc30e59c8f58,
        type: 3}
      propertyPath: m_LocalPosition.y
      value: 0
      objectReference: {fileID: 0}
    - target: {fileID: 2090738055521558972, guid: ea9e2c97fa5dac6459adbc30e59c8f58,
        type: 3}
      propertyPath: m_LocalPosition.z
      value: 0
      objectReference: {fileID: 0}
    - target: {fileID: 2090738055521558972, guid: ea9e2c97fa5dac6459adbc30e59c8f58,
        type: 3}
      propertyPath: m_LocalRotation.x
      value: 0
      objectReference: {fileID: 0}
    - target: {fileID: 2090738055521558972, guid: ea9e2c97fa5dac6459adbc30e59c8f58,
        type: 3}
      propertyPath: m_LocalRotation.y
      value: 0
      objectReference: {fileID: 0}
    - target: {fileID: 2090738055521558972, guid: ea9e2c97fa5dac6459adbc30e59c8f58,
        type: 3}
      propertyPath: m_LocalRotation.z
      value: 0
      objectReference: {fileID: 0}
    - target: {fileID: 2090738055521558972, guid: ea9e2c97fa5dac6459adbc30e59c8f58,
        type: 3}
      propertyPath: m_LocalRotation.w
      value: 1
      objectReference: {fileID: 0}
    - target: {fileID: 2090738055521558972, guid: ea9e2c97fa5dac6459adbc30e59c8f58,
        type: 3}
      propertyPath: m_RootOrder
      value: 0
      objectReference: {fileID: 0}
    - target: {fileID: 2090738055521558972, guid: ea9e2c97fa5dac6459adbc30e59c8f58,
        type: 3}
      propertyPath: m_LocalEulerAnglesHint.x
      value: 0
      objectReference: {fileID: 0}
    - target: {fileID: 2090738055521558972, guid: ea9e2c97fa5dac6459adbc30e59c8f58,
        type: 3}
      propertyPath: m_LocalEulerAnglesHint.y
      value: 0
      objectReference: {fileID: 0}
    - target: {fileID: 2090738055521558972, guid: ea9e2c97fa5dac6459adbc30e59c8f58,
        type: 3}
      propertyPath: m_LocalEulerAnglesHint.z
      value: 0
      objectReference: {fileID: 0}
    - target: {fileID: 2090738055521558972, guid: ea9e2c97fa5dac6459adbc30e59c8f58,
        type: 3}
      propertyPath: m_LocalScale.x
      value: 1.8
      objectReference: {fileID: 0}
    - target: {fileID: 2090738055521558972, guid: ea9e2c97fa5dac6459adbc30e59c8f58,
        type: 3}
      propertyPath: m_LocalScale.y
      value: 1.8
      objectReference: {fileID: 0}
    - target: {fileID: 2090738055521558972, guid: ea9e2c97fa5dac6459adbc30e59c8f58,
        type: 3}
      propertyPath: m_LocalScale.z
      value: 1.8
      objectReference: {fileID: 0}
    - target: {fileID: 2444000170295075487, guid: ea9e2c97fa5dac6459adbc30e59c8f58,
        type: 3}
      propertyPath: m_Materials.Array.data[0]
      value: 
      objectReference: {fileID: 2100000, guid: 80f2b6f711aba1f46806d597c6db3813, type: 2}
    - target: {fileID: 2444000170295075487, guid: ea9e2c97fa5dac6459adbc30e59c8f58,
        type: 3}
      propertyPath: m_Enabled
      value: 0
      objectReference: {fileID: 0}
    - target: {fileID: 3733743364012958824, guid: ea9e2c97fa5dac6459adbc30e59c8f58,
        type: 3}
      propertyPath: m_Materials.Array.data[0]
      value: 
      objectReference: {fileID: 2100000, guid: 3c092fa03f193cc43923add448990cf7, type: 2}
    - target: {fileID: 4587784089981980308, guid: ea9e2c97fa5dac6459adbc30e59c8f58,
        type: 3}
      propertyPath: m_Materials.Array.data[0]
      value: 
      objectReference: {fileID: 2100000, guid: 3c092fa03f193cc43923add448990cf7, type: 2}
    - target: {fileID: 4605685475423251095, guid: ea9e2c97fa5dac6459adbc30e59c8f58,
        type: 3}
      propertyPath: m_Materials.Array.data[0]
      value: 
      objectReference: {fileID: 2100000, guid: 80f2b6f711aba1f46806d597c6db3813, type: 2}
    - target: {fileID: 4605685475423251095, guid: ea9e2c97fa5dac6459adbc30e59c8f58,
        type: 3}
      propertyPath: m_Enabled
      value: 0
      objectReference: {fileID: 0}
    - target: {fileID: 5799257588816077352, guid: ea9e2c97fa5dac6459adbc30e59c8f58,
        type: 3}
      propertyPath: m_Materials.Array.data[0]
      value: 
      objectReference: {fileID: 2100000, guid: 3c092fa03f193cc43923add448990cf7, type: 2}
    - target: {fileID: 5984301464406143425, guid: ea9e2c97fa5dac6459adbc30e59c8f58,
        type: 3}
      propertyPath: m_Materials.Array.data[0]
      value: 
      objectReference: {fileID: 2100000, guid: 3c092fa03f193cc43923add448990cf7, type: 2}
    - target: {fileID: 6868039208899097986, guid: ea9e2c97fa5dac6459adbc30e59c8f58,
        type: 3}
      propertyPath: m_Materials.Array.data[0]
      value: 
      objectReference: {fileID: 2100000, guid: 80f2b6f711aba1f46806d597c6db3813, type: 2}
    - target: {fileID: 6868039208899097986, guid: ea9e2c97fa5dac6459adbc30e59c8f58,
        type: 3}
      propertyPath: m_Enabled
      value: 0
      objectReference: {fileID: 0}
    - target: {fileID: 6909845287859104231, guid: ea9e2c97fa5dac6459adbc30e59c8f58,
        type: 3}
      propertyPath: m_Materials.Array.data[0]
      value: 
      objectReference: {fileID: 2100000, guid: 80f2b6f711aba1f46806d597c6db3813, type: 2}
    - target: {fileID: 6909845287859104231, guid: ea9e2c97fa5dac6459adbc30e59c8f58,
        type: 3}
      propertyPath: m_Enabled
      value: 0
      objectReference: {fileID: 0}
    - target: {fileID: 8749444488676270155, guid: ea9e2c97fa5dac6459adbc30e59c8f58,
        type: 3}
      propertyPath: m_Name
      value: Habitat_Magic
      objectReference: {fileID: 0}
    m_RemovedComponents: []
  m_SourcePrefab: {fileID: 100100000, guid: ea9e2c97fa5dac6459adbc30e59c8f58, type: 3}
--- !u!4 &8068013460643760615 stripped
Transform:
  m_CorrespondingSourceObject: {fileID: 2090738055521558972, guid: ea9e2c97fa5dac6459adbc30e59c8f58,
    type: 3}
  m_PrefabInstance: {fileID: 8283417482614351963}
  m_PrefabAsset: {fileID: 0}
