%YAML 1.1
%TAG !u! tag:unity3d.com,2011:
--- !u!1 &5081020584666604898
GameObject:
  m_ObjectHideFlags: 0
  m_CorrespondingSourceObject: {fileID: 0}
  m_PrefabInstance: {fileID: 0}
  m_PrefabAsset: {fileID: 0}
  serializedVersion: 6
  m_Component:
  - component: {fileID: 4219464309024851523}
  - component: {fileID: 889313442221621119}
  - component: {fileID: 8916464922636057044}
  m_Layer: 8
  m_Name: Tile_Snow_Ice
  m_TagString: Untagged
  m_Icon: {fileID: 0}
  m_NavMeshLayer: 0
  m_StaticEditorFlags: 0
  m_IsActive: 1
--- !u!4 &4219464309024851523
Transform:
  m_ObjectHideFlags: 0
  m_CorrespondingSourceObject: {fileID: 0}
  m_PrefabInstance: {fileID: 0}
  m_PrefabAsset: {fileID: 0}
  m_GameObject: {fileID: 5081020584666604898}
  m_LocalRotation: {x: 0, y: 0, z: 0, w: 1}
  m_LocalPosition: {x: 0, y: 0, z: 0}
  m_LocalScale: {x: 1, y: 1, z: 1}
  m_Children:
  - {fileID: 1458770405488366231}
  - {fileID: 2206620189792323269}
  - {fileID: 1501248396737302417}
  - {fileID: 8702294817571921140}
  m_Father: {fileID: 0}
  m_RootOrder: 0
  m_LocalEulerAnglesHint: {x: 0, y: 0, z: 0}
--- !u!65 &889313442221621119
BoxCollider:
  m_ObjectHideFlags: 0
  m_CorrespondingSourceObject: {fileID: 0}
  m_PrefabInstance: {fileID: 0}
  m_PrefabAsset: {fileID: 0}
  m_GameObject: {fileID: 5081020584666604898}
  m_Material: {fileID: 0}
  m_IsTrigger: 0
  m_Enabled: 1
  serializedVersion: 2
  m_Size: {x: 1, y: 1, z: 1}
  m_Center: {x: 0, y: 0, z: 0}
--- !u!114 &8916464922636057044
MonoBehaviour:
  m_ObjectHideFlags: 0
  m_CorrespondingSourceObject: {fileID: 0}
  m_PrefabInstance: {fileID: 0}
  m_PrefabAsset: {fileID: 0}
  m_GameObject: {fileID: 5081020584666604898}
  m_Enabled: 1
  m_EditorHideFlags: 0
  m_Script: {fileID: 11500000, guid: 7faca7af38c61fb42802e6ecbab0d2d9, type: 3}
  m_Name: 
  m_EditorClassIdentifier: 
  isEditable: 1
  tileMeshRenderer: {fileID: 0}
  startTileRessource: {fileID: 0}
--- !u!1001 &1395896029430917242
PrefabInstance:
  m_ObjectHideFlags: 0
  serializedVersion: 2
  m_Modification:
    m_TransformParent: {fileID: 4219464309024851523}
    m_Modifications:
    - target: {fileID: -8679921383154817045, guid: a990f31c643f75846996b817af871a4e,
        type: 3}
      propertyPath: m_LocalPosition.x
      value: -0.529
      objectReference: {fileID: 0}
    - target: {fileID: -8679921383154817045, guid: a990f31c643f75846996b817af871a4e,
        type: 3}
      propertyPath: m_LocalPosition.y
      value: 0.25
      objectReference: {fileID: 0}
    - target: {fileID: -8679921383154817045, guid: a990f31c643f75846996b817af871a4e,
        type: 3}
      propertyPath: m_LocalPosition.z
      value: -0.35698453
      objectReference: {fileID: 0}
    - target: {fileID: -8679921383154817045, guid: a990f31c643f75846996b817af871a4e,
        type: 3}
      propertyPath: m_LocalRotation.x
      value: -0.7071068
      objectReference: {fileID: 0}
    - target: {fileID: -8679921383154817045, guid: a990f31c643f75846996b817af871a4e,
        type: 3}
      propertyPath: m_LocalRotation.y
      value: 0
      objectReference: {fileID: 0}
    - target: {fileID: -8679921383154817045, guid: a990f31c643f75846996b817af871a4e,
        type: 3}
      propertyPath: m_LocalRotation.z
      value: 0
      objectReference: {fileID: 0}
    - target: {fileID: -8679921383154817045, guid: a990f31c643f75846996b817af871a4e,
        type: 3}
      propertyPath: m_LocalRotation.w
      value: 0.7071068
      objectReference: {fileID: 0}
    - target: {fileID: -8679921383154817045, guid: a990f31c643f75846996b817af871a4e,
        type: 3}
      propertyPath: m_RootOrder
      value: 2
      objectReference: {fileID: 0}
    - target: {fileID: -8679921383154817045, guid: a990f31c643f75846996b817af871a4e,
        type: 3}
      propertyPath: m_LocalEulerAnglesHint.x
      value: -90
      objectReference: {fileID: 0}
    - target: {fileID: -8679921383154817045, guid: a990f31c643f75846996b817af871a4e,
        type: 3}
      propertyPath: m_LocalEulerAnglesHint.y
      value: 0
      objectReference: {fileID: 0}
    - target: {fileID: -8679921383154817045, guid: a990f31c643f75846996b817af871a4e,
        type: 3}
      propertyPath: m_LocalEulerAnglesHint.z
      value: 0
      objectReference: {fileID: 0}
    - target: {fileID: -8679921383154817045, guid: a990f31c643f75846996b817af871a4e,
        type: 3}
      propertyPath: m_LocalScale.x
      value: 14.660938
      objectReference: {fileID: 0}
    - target: {fileID: -8679921383154817045, guid: a990f31c643f75846996b817af871a4e,
        type: 3}
      propertyPath: m_LocalScale.y
      value: 11.401938
      objectReference: {fileID: 0}
    - target: {fileID: -8679921383154817045, guid: a990f31c643f75846996b817af871a4e,
        type: 3}
      propertyPath: m_LocalScale.z
      value: 11.295926
      objectReference: {fileID: 0}
    - target: {fileID: 919132149155446097, guid: a990f31c643f75846996b817af871a4e,
        type: 3}
      propertyPath: m_Name
      value: tile_snow_ice (2)
      objectReference: {fileID: 0}
    m_RemovedComponents: []
  m_SourcePrefab: {fileID: 100100000, guid: a990f31c643f75846996b817af871a4e, type: 3}
--- !u!4 &1501248396737302417 stripped
Transform:
  m_CorrespondingSourceObject: {fileID: -8679921383154817045, guid: a990f31c643f75846996b817af871a4e,
    type: 3}
  m_PrefabInstance: {fileID: 1395896029430917242}
  m_PrefabAsset: {fileID: 0}
--- !u!1001 &1419810948696372604
PrefabInstance:
  m_ObjectHideFlags: 0
  serializedVersion: 2
  m_Modification:
    m_TransformParent: {fileID: 4219464309024851523}
    m_Modifications:
    - target: {fileID: -8679921383154817045, guid: a990f31c643f75846996b817af871a4e,
        type: 3}
      propertyPath: m_LocalPosition.x
      value: 0.37227
      objectReference: {fileID: 0}
    - target: {fileID: -8679921383154817045, guid: a990f31c643f75846996b817af871a4e,
        type: 3}
      propertyPath: m_LocalPosition.y
      value: 0.25
      objectReference: {fileID: 0}
    - target: {fileID: -8679921383154817045, guid: a990f31c643f75846996b817af871a4e,
        type: 3}
      propertyPath: m_LocalPosition.z
      value: -0.521
      objectReference: {fileID: 0}
    - target: {fileID: -8679921383154817045, guid: a990f31c643f75846996b817af871a4e,
        type: 3}
      propertyPath: m_LocalRotation.x
      value: -0.5
      objectReference: {fileID: 0}
    - target: {fileID: -8679921383154817045, guid: a990f31c643f75846996b817af871a4e,
        type: 3}
      propertyPath: m_LocalRotation.y
      value: -0.5
      objectReference: {fileID: 0}
    - target: {fileID: -8679921383154817045, guid: a990f31c643f75846996b817af871a4e,
        type: 3}
      propertyPath: m_LocalRotation.z
      value: -0.5
      objectReference: {fileID: 0}
    - target: {fileID: -8679921383154817045, guid: a990f31c643f75846996b817af871a4e,
        type: 3}
      propertyPath: m_LocalRotation.w
      value: 0.5
      objectReference: {fileID: 0}
    - target: {fileID: -8679921383154817045, guid: a990f31c643f75846996b817af871a4e,
        type: 3}
      propertyPath: m_RootOrder
      value: 0
      objectReference: {fileID: 0}
    - target: {fileID: -8679921383154817045, guid: a990f31c643f75846996b817af871a4e,
        type: 3}
      propertyPath: m_LocalEulerAnglesHint.x
      value: -90.00001
      objectReference: {fileID: 0}
    - target: {fileID: -8679921383154817045, guid: a990f31c643f75846996b817af871a4e,
        type: 3}
      propertyPath: m_LocalEulerAnglesHint.y
      value: 0
      objectReference: {fileID: 0}
    - target: {fileID: -8679921383154817045, guid: a990f31c643f75846996b817af871a4e,
        type: 3}
      propertyPath: m_LocalEulerAnglesHint.z
      value: -90
      objectReference: {fileID: 0}
    - target: {fileID: -8679921383154817045, guid: a990f31c643f75846996b817af871a4e,
        type: 3}
      propertyPath: m_LocalScale.x
      value: 14.660938
      objectReference: {fileID: 0}
    - target: {fileID: -8679921383154817045, guid: a990f31c643f75846996b817af871a4e,
        type: 3}
      propertyPath: m_LocalScale.y
      value: 11.401938
      objectReference: {fileID: 0}
    - target: {fileID: -8679921383154817045, guid: a990f31c643f75846996b817af871a4e,
        type: 3}
      propertyPath: m_LocalScale.z
      value: 11.295926
      objectReference: {fileID: 0}
    - target: {fileID: 919132149155446097, guid: a990f31c643f75846996b817af871a4e,
        type: 3}
      propertyPath: m_Name
      value: tile_snow_ice
      objectReference: {fileID: 0}
    m_RemovedComponents: []
  m_SourcePrefab: {fileID: 100100000, guid: a990f31c643f75846996b817af871a4e, type: 3}
--- !u!4 &1458770405488366231 stripped
Transform:
  m_CorrespondingSourceObject: {fileID: -8679921383154817045, guid: a990f31c643f75846996b817af871a4e,
    type: 3}
  m_PrefabInstance: {fileID: 1419810948696372604}
  m_PrefabAsset: {fileID: 0}
--- !u!1001 &1807566477519986990
PrefabInstance:
  m_ObjectHideFlags: 0
  serializedVersion: 2
  m_Modification:
    m_TransformParent: {fileID: 4219464309024851523}
    m_Modifications:
    - target: {fileID: -8679921383154817045, guid: a990f31c643f75846996b817af871a4e,
        type: 3}
      propertyPath: m_LocalPosition.x
      value: -0.3420049
      objectReference: {fileID: 0}
    - target: {fileID: -8679921383154817045, guid: a990f31c643f75846996b817af871a4e,
        type: 3}
      propertyPath: m_LocalPosition.y
      value: 0.25
      objectReference: {fileID: 0}
    - target: {fileID: -8679921383154817045, guid: a990f31c643f75846996b817af871a4e,
        type: 3}
      propertyPath: m_LocalPosition.z
      value: 0.521
      objectReference: {fileID: 0}
    - target: {fileID: -8679921383154817045, guid: a990f31c643f75846996b817af871a4e,
        type: 3}
      propertyPath: m_LocalRotation.x
      value: -0.5
      objectReference: {fileID: 0}
    - target: {fileID: -8679921383154817045, guid: a990f31c643f75846996b817af871a4e,
        type: 3}
      propertyPath: m_LocalRotation.y
      value: 0.5
      objectReference: {fileID: 0}
    - target: {fileID: -8679921383154817045, guid: a990f31c643f75846996b817af871a4e,
        type: 3}
      propertyPath: m_LocalRotation.z
      value: 0.5
      objectReference: {fileID: 0}
    - target: {fileID: -8679921383154817045, guid: a990f31c643f75846996b817af871a4e,
        type: 3}
      propertyPath: m_LocalRotation.w
      value: 0.5
      objectReference: {fileID: 0}
    - target: {fileID: -8679921383154817045, guid: a990f31c643f75846996b817af871a4e,
        type: 3}
      propertyPath: m_RootOrder
      value: 1
      objectReference: {fileID: 0}
    - target: {fileID: -8679921383154817045, guid: a990f31c643f75846996b817af871a4e,
        type: 3}
      propertyPath: m_LocalEulerAnglesHint.x
      value: -90.00001
      objectReference: {fileID: 0}
    - target: {fileID: -8679921383154817045, guid: a990f31c643f75846996b817af871a4e,
        type: 3}
      propertyPath: m_LocalEulerAnglesHint.y
      value: 0
      objectReference: {fileID: 0}
    - target: {fileID: -8679921383154817045, guid: a990f31c643f75846996b817af871a4e,
        type: 3}
      propertyPath: m_LocalEulerAnglesHint.z
      value: 90
      objectReference: {fileID: 0}
    - target: {fileID: -8679921383154817045, guid: a990f31c643f75846996b817af871a4e,
        type: 3}
      propertyPath: m_LocalScale.x
      value: 14.660938
      objectReference: {fileID: 0}
    - target: {fileID: -8679921383154817045, guid: a990f31c643f75846996b817af871a4e,
        type: 3}
      propertyPath: m_LocalScale.y
      value: 11.401938
      objectReference: {fileID: 0}
    - target: {fileID: -8679921383154817045, guid: a990f31c643f75846996b817af871a4e,
        type: 3}
      propertyPath: m_LocalScale.z
      value: 11.295926
      objectReference: {fileID: 0}
    - target: {fileID: 919132149155446097, guid: a990f31c643f75846996b817af871a4e,
        type: 3}
      propertyPath: m_Name
      value: tile_snow_ice (1)
      objectReference: {fileID: 0}
    - target: {fileID: 919132149155446097, guid: a990f31c643f75846996b817af871a4e,
        type: 3}
      propertyPath: m_IsActive
      value: 0
      objectReference: {fileID: 0}
    m_RemovedComponents: []
  m_SourcePrefab: {fileID: 100100000, guid: a990f31c643f75846996b817af871a4e, type: 3}
--- !u!4 &2206620189792323269 stripped
Transform:
  m_CorrespondingSourceObject: {fileID: -8679921383154817045, guid: a990f31c643f75846996b817af871a4e,
    type: 3}
  m_PrefabInstance: {fileID: 1807566477519986990}
  m_PrefabAsset: {fileID: 0}
--- !u!1001 &9173404159073172255
PrefabInstance:
  m_ObjectHideFlags: 0
  serializedVersion: 2
  m_Modification:
    m_TransformParent: {fileID: 4219464309024851523}
    m_Modifications:
    - target: {fileID: -8679921383154817045, guid: a990f31c643f75846996b817af871a4e,
        type: 3}
      propertyPath: m_LocalPosition.x
      value: 0.548
      objectReference: {fileID: 0}
    - target: {fileID: -8679921383154817045, guid: a990f31c643f75846996b817af871a4e,
        type: 3}
      propertyPath: m_LocalPosition.y
      value: 0.25
      objectReference: {fileID: 0}
    - target: {fileID: -8679921383154817045, guid: a990f31c643f75846996b817af871a4e,
        type: 3}
      propertyPath: m_LocalPosition.z
      value: 0.35698444
      objectReference: {fileID: 0}
    - target: {fileID: -8679921383154817045, guid: a990f31c643f75846996b817af871a4e,
        type: 3}
      propertyPath: m_LocalRotation.x
      value: 0.000104068095
      objectReference: {fileID: 0}
    - target: {fileID: -8679921383154817045, guid: a990f31c643f75846996b817af871a4e,
        type: 3}
      propertyPath: m_LocalRotation.y
      value: 0.70710677
      objectReference: {fileID: 0}
    - target: {fileID: -8679921383154817045, guid: a990f31c643f75846996b817af871a4e,
        type: 3}
      propertyPath: m_LocalRotation.z
      value: 0.70710677
      objectReference: {fileID: 0}
    - target: {fileID: -8679921383154817045, guid: a990f31c643f75846996b817af871a4e,
        type: 3}
      propertyPath: m_LocalRotation.w
      value: -0.000104068095
      objectReference: {fileID: 0}
    - target: {fileID: -8679921383154817045, guid: a990f31c643f75846996b817af871a4e,
        type: 3}
      propertyPath: m_RootOrder
      value: 3
      objectReference: {fileID: 0}
    - target: {fileID: -8679921383154817045, guid: a990f31c643f75846996b817af871a4e,
        type: 3}
      propertyPath: m_LocalEulerAnglesHint.x
      value: -89.98
      objectReference: {fileID: 0}
    - target: {fileID: -8679921383154817045, guid: a990f31c643f75846996b817af871a4e,
        type: 3}
      propertyPath: m_LocalEulerAnglesHint.y
      value: 0
      objectReference: {fileID: 0}
    - target: {fileID: -8679921383154817045, guid: a990f31c643f75846996b817af871a4e,
        type: 3}
      propertyPath: m_LocalEulerAnglesHint.z
      value: 180.017
      objectReference: {fileID: 0}
    - target: {fileID: -8679921383154817045, guid: a990f31c643f75846996b817af871a4e,
        type: 3}
      propertyPath: m_LocalScale.x
      value: 14.660938
      objectReference: {fileID: 0}
    - target: {fileID: -8679921383154817045, guid: a990f31c643f75846996b817af871a4e,
        type: 3}
      propertyPath: m_LocalScale.y
      value: 11.401938
      objectReference: {fileID: 0}
    - target: {fileID: -8679921383154817045, guid: a990f31c643f75846996b817af871a4e,
        type: 3}
      propertyPath: m_LocalScale.z
      value: 11.295926
      objectReference: {fileID: 0}
    - target: {fileID: 919132149155446097, guid: a990f31c643f75846996b817af871a4e,
        type: 3}
      propertyPath: m_Name
      value: tile_snow_ice (3)
      objectReference: {fileID: 0}
    m_RemovedComponents: []
  m_SourcePrefab: {fileID: 100100000, guid: a990f31c643f75846996b817af871a4e, type: 3}
--- !u!4 &8702294817571921140 stripped
Transform:
  m_CorrespondingSourceObject: {fileID: -8679921383154817045, guid: a990f31c643f75846996b817af871a4e,
    type: 3}
  m_PrefabInstance: {fileID: 9173404159073172255}
  m_PrefabAsset: {fileID: 0}
